<record><leader>00000cas a22000007a 4500</leader><controlfield tag="001">26508540</controlfield><controlfield tag="008">920831d18921900nyuwr ne      0    0eng d</controlfield><datafield ind1=" " ind2=" " tag="010"><subfield code="a">sn 92062084 </subfield></datafield><datafield ind1=" " ind2=" " tag="040"><subfield code="a">NYS</subfield><subfield code="b">eng</subfield><subfield code="c">NYS</subfield><subfield code="d">OCLCQ</subfield></datafield><datafield ind1=" " ind2=" " tag="042"><subfield code="a">msc</subfield></datafield><datafield ind1="0" ind2="4" tag="245"><subfield code="a">The Randolph register and weekly courant.</subfield></datafield><datafield ind1=" " ind2=" " tag="260"><subfield code="a">Randolph, N.Y. :</subfield><subfield code="b">Randolph Pub., Co.</subfield></datafield><datafield ind1=" " ind2=" " tag="300"><subfield code="a">8 v.</subfield></datafield><datafield ind1=" " ind2=" " tag="310"><subfield code="a">Weekly</subfield></datafield><datafield ind1="0" ind2=" " tag="362"><subfield code="a">Randolph register, vol. 27, no. 47 (Mar. 29, 1892)-v. 35, no. 48 (Apr. 4, 1900) = Weekly courant, v. 14, no. 15-v. 22, no. 28.</subfield></datafield><datafield ind1=" " ind2="4" tag="651"><subfield code="a">Conewango (N.Y.)</subfield><subfield code="v">Newspapers.</subfield></datafield><datafield ind1=" " ind2="4" tag="651"><subfield code="a">East Randolph (N.Y.)</subfield><subfield code="v">Newspapers.</subfield></datafield><datafield ind1=" " ind2="4" tag="651"><subfield code="a">Randolph (N.Y.)</subfield><subfield code="v">Newspapers.</subfield></datafield><datafield ind1=" " ind2="4" tag="651"><subfield code="a">Cattaraugus County (N.Y.)</subfield><subfield code="v">Newspapers.</subfield></datafield><datafield ind1=" " ind2=" " tag="752"><subfield code="a">United States</subfield><subfield code="b">New York</subfield><subfield code="c">Cattaraugus</subfield><subfield code="d">Randolph.</subfield></datafield><datafield ind1="0" ind2="4" tag="780"><subfield code="t">Randolph register (Randolph, N.Y. : 1881)</subfield><subfield code="w">(DLC)sn 92062083</subfield><subfield code="w">(OCoLC)26509446</subfield></datafield><datafield ind1="0" ind2="4" tag="780"><subfield code="t">Weekly courant (Randolph, N.Y.)</subfield><subfield code="w">(DLC)sn 84035901</subfield></datafield><datafield ind1="0" ind2="0" tag="785"><subfield code="t">Randolph register (Randolph, N.Y. : 1900)</subfield><subfield code="w">(DLC)sn 92062085</subfield><subfield code="w">(OCoLC)26508384</subfield></datafield><datafield ind1="1" ind2=" " tag="029"><subfield code="a">AU@</subfield><subfield code="b">000020725610</subfield></datafield></record>